@incollection{NIPS2017_7149,
title = {Learning from uncertain curves: The 2-Wasserstein metric for Gaussian processes},
author = {Mallasto, Anton and Feragen, Aasa},
booktitle = {Advances in Neural Information Processing Systems 30},
editor = {I. Guyon and U. V. Luxburg and S. Bengio and H. Wallach and R. Fergus and S. Vishwanathan and R. Garnett},
pages = {5660--5670},
year = {2017},
publisher = {Curran Associates, Inc.},
url = {http://papers.nips.cc/paper/7149-learning-from-uncertain-curves-the-2-wasserstein-metric-for-gaussian-processes.pdf}
}

@incollection{NIPS2017_7219,
title = {Simple and Scalable Predictive Uncertainty Estimation using Deep Ensembles},
author = {Lakshminarayanan, Balaji and Pritzel, Alexander and Blundell, Charles},
booktitle = {Advances in Neural Information Processing Systems 30},
editor = {I. Guyon and U. V. Luxburg and S. Bengio and H. Wallach and R. Fergus and S. Vishwanathan and R. Garnett},
pages = {6402--6413},
year = {2017},
publisher = {Curran Associates, Inc.},
url = {http://papers.nips.cc/paper/7219-simple-and-scalable-predictive-uncertainty-estimation-using-deep-ensembles.pdf}
}

@article{DBLP:journals/corr/abs-1802-05757,
  author    = {Sebastian Claici and
               Edward Chien and
               Justin Solomon},
  title     = {Stochastic Wasserstein Barycenters},
  journal   = {CoRR},
  volume    = {abs/1802.05757},
  year      = {2018},
  url       = {http://arxiv.org/abs/1802.05757},
  archivePrefix = {arXiv},
  eprint    = {1802.05757},
  timestamp = {Thu, 01 Mar 2018 19:20:48 +0100},
  biburl    = {https://dblp.org/rec/bib/journals/corr/abs-1802-05757},
  bibsource = {dblp computer science bibliography, https://dblp.org}
}

@misc{1505.02965,
Author = {Mark Ebden},
Title = {Gaussian Processes: A Quick Introduction},
Year = {2015},
Eprint = {arXiv:1505.02965},
}
